@article{Reference1,
	Author = {Daniel Jurafsky and James H. Martin},
	Month = {October},
	Numpages = {16},
	Pages = {2--18},
	Title = {Speech and Language Processing},
	Url = {https://web.stanford.edu/~jurafsky/slp3/18.pdf},
	Year = {2019}}

@article{text_processing_lecture_5,
	Author = {Loic Barrault},
	Month = {November},
	Numpages = {47},
	Pages = {1-47},
	Title = {Information Extraction: Named Entity Recognition},
	Url = {https://vle.shef.ac.uk/ultra/courses/\_77898\_1/cl/outline},
	Year = {2019}}

@article{text_processing_lecture_6,
	Author = {Loic Barrault},
	Month = {December},
	Numpages = {49},
	Pages = {1-49},
	Title = {Information Extraction: Relation Extraction},
	Url = {https://vle.shef.ac.uk/ultra/courses/\_77898\_1/cl/outline},
	Year = {2019}}

@article{semi-supervised_learning,
	Author = {Olivier Chapelle, Bernhard Sch√∂lkop, Alexander Zien},
	Title = {Semi-supervised Learning},
	URL = {http://www.acad.bg/ebook/ml/MITPress-\%20SemiSupervised\%20Learning.pdf},
	Year = {2006}}

@article{dipre_bootstrapping,
	Author = {Sergey Brin},
	Numpages = {12},
	Pages = {1-12},
	Title = {Extracting Patterns and Relations from the World Wide Web},
	Url = {http://ilpubs.stanford.edu:8090/421/1/1999-65.pdf},
	Year = {1999}}

@article{feature_selection,
	Author = {Zena M. Hira and Duncan F. Gillies},
	Title = {A Review of Feature Selection and Feature Extraction Methods Applied on Microarray Data},
	Url = {https://www.ncbi.nlm.nih.gov/pmc/articles/PMC4480804/},
	Year = {2015}}

@article{scikit-learn,
 title={Scikit-learn: Machine Learning in {P}ython},
 author={Pedregosa, F. and Varoquaux, G. and Gramfort, A. and Michel, V.
         and Thirion, B. and Grisel, O. and Blondel, M. and Prettenhofer, P.
         and Weiss, R. and Dubourg, V. and Vanderplas, J. and Passos, A. and
         Cournapeau, D. and Brucher, M. and Perrot, M. and Duchesnay, E.},
 journal={Journal of Machine Learning Research},
 volume={12},
 pages={2825--2830},
 year={2011}}

@article{libsvm,
 author = {Chang, Chih-Chung and Lin, Chih-Jen},
 title = {{LIBSVM}: A library for support vector machines},
 journal = {ACM Transactions on Intelligent Systems and Technology},
 volume = {2},
 issue = {3},
 year = {2011},
 pages = {27:1--27:27},
 note = {Software available at http://www.csie.ntu.edu.tw/~cjlin/libsvm}
}

@article{liblinear,
  author = 	 {Rong-En Fan and Kai-Wei Chang and Cho-Jui Hsieh and Xiang-Rui Wang and Chih-Jen Lin},
  title = 	 {{LIBLINEAR}: A Library for Large Linear Classification},
  journal =  {Journal of Machine Learning Research},
  year = 	 {2008},
  volume =	 {9},
  pages =	 {1871--1874}
}

@article{MNB, 
title={Tackling the Poor Assumptions of Naive Bayes Text Classifers},
url={http://people.csail.mit.edu/jrennie/papers/icml03-nb.pdf},
author={Rennie, J and Shih, L and Teevan, J and Karger, D},
year={2003}
}