@article{Reference1,
	Author = {Daniel Jurafsky and James H. Martin},
	Month = {October},
	Numpages = {16},
	Pages = {2--18},
	Title = {Speech and Language Processing},
	Url = {https://web.stanford.edu/~jurafsky/slp3/18.pdf},
	Year = {2019}}

@article{text_processing_lecture_5,
	Author = {Loic Barrault},
	Month = {November},
	Numpages = {47},
	Pages = {1-47},
	Title = {Information Extraction: Named Entity Recognition},
	Url = {https://vle.shef.ac.uk/ultra/courses/\_77898\_1/cl/outline},
	Year = {2019}}

@article{text_processing_lecture_6,
	Author = {Loic Barrault},
	Month = {December},
	Numpages = {49},
	Pages = {1-49},
	Title = {Information Extraction: Relation Extraction},
	Url = {https://vle.shef.ac.uk/ultra/courses/\_77898\_1/cl/outline},
	Year = {2019}}

@article{semi-supervised_learning,
	Author = {Olivier Chapelle, Bernhard Sch√∂lkop, Alexander Zien},
	Title = {Semi-supervised Learning},
	URL = {http://www.acad.bg/ebook/ml/MITPress-\%20SemiSupervised\%20Learning.pdf},
	Year = {2006}}
